<?xml version="1.0" encoding="UTF-8"?><collection xmlns="http://www.loc.gov/MARC21/slim"><record><leader>00492nam--2200133-i-4500</leader><controlfield tag="001">000029550</controlfield><controlfield tag="002">20161230</controlfield><controlfield tag="005">20161230201037</controlfield><controlfield tag="008">060222s1000------------r-----000-0-eng-d</controlfield><datafield ind1=" " ind2=" " tag="100"><subfield code="a">Loutit, John F.And Micklem, H.S</subfield></datafield><datafield ind1=" " ind2=" " tag="245"><subfield code="a">Tissue grafting and radiation. with an appendix by charles e.ford</subfield></datafield><datafield ind1=" " ind2=" " tag="260"><subfield code="a">New York, Academic Press, 1966, Xii + 228p</subfield></datafield><datafield ind1=" " ind2=" " tag="490"><subfield code="a">American Insstitute Of Biological Sciences And U.S.Atomic Energy Commission. Monographs Series On Radiation Biology</subfield></datafield><datafield ind1=" " ind2=" " tag="852"><subfield code="a">24792</subfield></datafield></record></collection>